<record><leader>00000cas a2200000 a 4500</leader><controlfield tag="001">30991775</controlfield><controlfield tag="007">hd bfu---baat</controlfield><controlfield tag="007">hd afu---bact</controlfield><controlfield tag="008">940823c19139999nbuwr nea     0    0eng d</controlfield><datafield ind1=" " ind2=" " tag="010"><subfield code="a">sn 94055412 </subfield></datafield><datafield ind1=" " ind2=" " tag="040"><subfield code="a">NVG</subfield><subfield code="b">eng</subfield><subfield code="c">NVG</subfield><subfield code="d">OCL</subfield><subfield code="d">OCLCQ</subfield><subfield code="d">OCLCF</subfield><subfield code="d">OCLCO</subfield></datafield><datafield ind1="1" ind2=" " tag="029"><subfield code="a">AU@</subfield><subfield code="b">000011230136</subfield></datafield><datafield ind1=" " ind2=" " tag="042"><subfield code="a">msc</subfield></datafield><datafield ind1=" " ind2=" " tag="043"><subfield code="a">n-us-nb</subfield></datafield><datafield ind1="0" ind2=" " tag="130"><subfield code="a">Nebraska signal (Geneva, Neb. : 1913)</subfield></datafield><datafield ind1="1" ind2="0" tag="245"><subfield code="a">Nebraska signal</subfield><subfield code="h">[microform].</subfield></datafield><datafield ind1=" " ind2=" " tag="260"><subfield code="a">Geneva, Fillmore County, Neb. :</subfield><subfield code="b">Frank O. Edgecombe,</subfield><subfield code="c">1913-</subfield></datafield><datafield ind1=" " ind2=" " tag="300"><subfield code="a">v.</subfield></datafield><datafield ind1=" " ind2=" " tag="310"><subfield code="a">Weekly</subfield></datafield><datafield ind1="0" ind2=" " tag="362"><subfield code="a">38th year, no. 33 (May 22, 1913)-</subfield></datafield><datafield ind1=" " ind2=" " tag="580"><subfield code="a">Formed by the union of: Nebraska signal and the Geneva gazette, and: Ohiowa Ohiowan (1912).</subfield></datafield><datafield ind1=" " ind2=" " tag="580"><subfield code="a">Absorbed: Strang enterprise, 1914; Milligan times, 1920; Herald-sentinel (Shickley, Neb.), 1925; Ohiowa advertiser, 1930; Milligan review, 1953; Fillmore chronicle (Fairmont, Neb. : 1915), 1957.</subfield></datafield><datafield ind1=" " ind2=" " tag="533"><subfield code="a">Microfilm.</subfield><subfield code="m">1913- :[Lacks Jan. 4,1917;Sept. 12,1968]</subfield><subfield code="b">Lincoln, Neb. :</subfield><subfield code="c">Nebraska State Historical Society.</subfield><subfield code="e">microfilm reels ; 35 mm.</subfield></datafield><datafield ind1=" " ind2="0" tag="651"><subfield code="a">Geneva (Neb.)</subfield><subfield code="v">Newspapers.</subfield></datafield><datafield ind1=" " ind2="0" tag="651"><subfield code="a">Fillmore County (Neb.)</subfield><subfield code="v">Newspapers.</subfield></datafield><datafield ind1=" " ind2="7" tag="655"><subfield code="a">Newspapers.</subfield><subfield code="2">fast</subfield><subfield code="0">(OCoLC)fst01423814</subfield></datafield><datafield ind1=" " ind2="7" tag="651"><subfield code="a">Nebraska</subfield><subfield code="z">Fillmore County.</subfield><subfield code="2">fast</subfield><subfield code="0">(OCoLC)fst01220980</subfield></datafield><datafield ind1=" " ind2="7" tag="651"><subfield code="a">Nebraska</subfield><subfield code="z">Geneva.</subfield><subfield code="2">fast</subfield><subfield code="0">(OCoLC)fst01228723</subfield></datafield><datafield ind1=" " ind2=" " tag="752"><subfield code="a">United States</subfield><subfield code="b">Nebraska</subfield><subfield code="c">Fillmore</subfield><subfield code="d">Geneva.</subfield></datafield><datafield ind1="1" ind2="4" tag="780"><subfield code="t">Nebraska signal and the Geneva gazette</subfield><subfield code="w">(DLC)sn 94055406</subfield></datafield><datafield ind1="1" ind2="4" tag="780"><subfield code="t">Ohiowa Ohiowan (1912)</subfield><subfield code="w">(DLC)sn 94055410</subfield></datafield><datafield ind1="1" ind2="5" tag="780"><subfield code="t">Strang enterprise</subfield></datafield><datafield ind1="1" ind2="5" tag="780"><subfield code="t">Milligan times</subfield><subfield code="w">(DLC)sn 94056536</subfield></datafield><datafield ind1="1" ind2="5" tag="780"><subfield code="t">Herald-sentinel (Shickley, Neb.)</subfield><subfield code="w">(DLC)sn 94056538</subfield></datafield><datafield ind1="1" ind2="5" tag="780"><subfield code="t">Ohiowa advertiser</subfield><subfield code="w">(DLC)sn 94056540</subfield></datafield><datafield ind1="1" ind2="5" tag="780"><subfield code="t">Milligan review</subfield><subfield code="w">(DLC)sn 94056543</subfield></datafield><datafield ind1="1" ind2="5" tag="780"><subfield code="t">Fillmore chronicle (Fairmont, Neb. : 1915)</subfield><subfield code="w">(DLC)sn 94056551</subfield></datafield></record>